@article{shortname,
	author = {Robert W. Rosenthal},
	title = {{The Network Equilibrium Problem in Integers}},
	year = {1972},
	journal = {Networks},
	publisher = {Wiley},
	volume = {3},
	pages = {53--59}
}

@misc{klein2014,
	author = {Allison Klein},
	title = {{How Record Labels Work}},
	year = {Accessed December 7, 2014},
	howpublished = {\url{http://www.howstuffworks.com/record-label1.htm}}
}

@article{chang2007,
	author = {{Yu Lin Chang}},
	title = {{Who should own access rights? A game-theoretical approach to striking the optimal balance in the debate over Digital Rights Management}},
	year = {2007},
	journal = {Artificial Intelligence and Law},
	volume = {15},
	number = {4},
	publisher = {Springer Netherlands},
	pages = {323--356}
}

@inproceedings{heileman2007,
	author = {Gregory L. Heileman and Pramod A. Jamkhedkar and Joud Khoury and Curtis J. Hrncir},
	title = {{The DRM game}},
	booktitle = {ACM Digital Rights Management Workshop},
	year = {2007},
	pages = {54--62},
}

@article{zhang2011,
	author = {Zhang, Zhiyong and Pei, Qingqi and Ma, Jianfeng and Yang, Lin},
	title = {{Game-Theoretic Analyses and Simulations of Adoptions of Security Policies for DRM in Contents Sharing Scenario}},
	journal = {Intelligent Automation \& Soft Computing},
	volume = {17},
	number = {2},
	pages = {191-203},
	year = {2011}
}

@misc{gast2002,
	author = {Matthew Gast},
	title = {{Economic reality check: price elasticity and the music business}},
	year = {Accessed December 7, 2014},
	howpublished = {\url{http://archive.oreilly.com/pub/post/economic_reality_check_price_e.html}}
}

@misc{courty2009,
	author = {Pascal Courty,Mario Pagliero},
	title = {{Pop artists can earn more by pricing tickets smartly}},
	year = {Accessed December 7, 2014},
	howpublished = {\url{http://www.voxeu.org/article/musicians-are-leaving-money-concert-floor}}
}

@misc{mccandless2010,
	author = {David Mccandless,Caroline Flyn,Toby Slater,James Key},
	title = {{How Much Do Music Artists Earn Online?}},
	year = {Accessed December 7, 2014},
	howpublished = {\url{http://www.informationisbeautiful.net/2010/how-much-do-music-artists-earn-online/}}
}

@misc{michael2011,
	author = {Paul Michael},
	title = {{How Much?! A Breakdown of Concert Ticket Prices}},
	year = {Accessed November 16, 2014},
	howpublished = {\url{http://www.wisebread.com/how-much-a-breakdown-of-concert-ticket-prices}}
}

@misc{zhang2014,
	author = {Laurina Zhang},
	title = {{Intellectual Property Strategy and the Long Tail: Evidence from the Recorded Music Industry}},
	year = {Accessed December 7, 2014},
	howpublished = {\url{http://dx.doi.org/10.2139/ssrn.2515581}}
}

@techreport{npd2009,
	title = {{Annual Music Study 2009}},
	institution = {The NPD Group},
	year = {2009},
}

@misc{fisher2007,
	author = {Ken Fisher},
	title = {{Musicload: 75\% of Customer Service Problems Caused by DRM}},
	publisher = {{Ars Technica}},
	year = {{17 Mar. 2007. Web. Accessed 09 Dec. 2014.}}
}

@misc{mcmillan,
	author = {Robert McMillan},
	title = {{Settlement Ends Sony Rootkit Case}},
	publisher = {{PCWorld}},
	year = {{n.d, accessed 09 Dec. 2014}}
}

@article{subramanya,
	author = {{S. R. Subramanya}},
	title = {{Digital Rights Management}},
	journal = {{IEEE Xplore}},
	year = {{n.d, accessed 09 Dec. 2014}}
}

@article{vernik2011,
	author = {{Vernik, Dinah A.}},
	title = {{Music Downloads and the Flip Side of Digital Rights Management}},
	journal = {{Marketing Science}},
	volume = {30},
	number = {6},
	pages = {{1011}}
	year = {2011},
}
